@MISC{maldives,
   author =       {Connoly, Darlene},
   title =        {Controversy in the Maldives},
   editor =       {Surfline.com},
   month =        {August},
   year =         {2012},
   url = {http://www.surfline.com/surf-news/maldives-surf-access-controversy-update_75296/},
   note =         {[Online; posted 27-August-2012]},
 }

@MISC{maldives-alt,
   author =       {Connoly, Darlene},
   title =        {Controversy in the Maldives},
   editor =       {Surfline.com},
   month =        {August},
   year =         {2012},
   note = {\href{http://www.surfline.com/surf-news/maldives-surf-access-controversy-update_75296/}{Surfline.com} {[Online; posted 27-August-2012]}},
 }


@MISC{mull,
   author =       {Mull, Jeff},
   title =        {Maldives Controversy},
   editor =       {Surfing Magazine},
   month =        {September},
   year =         {2010},
   url =          {http://www.surfermag.com/features/maldives-controversy/},
   note =         {[Online; posted 13-September-2012]},
 }
